<?xml version="1.0" encoding="UTF-8"?><collection xmlns="http://www.loc.gov/MARC21/slim"><record><leader>00439nam--2200145-i-4500</leader><controlfield tag="001">000011145</controlfield><controlfield tag="002">20161230</controlfield><controlfield tag="005">20161230201029</controlfield><controlfield tag="008">060222s1000------------r-----000-0-eng-d</controlfield><datafield ind1=" " ind2=" " tag="080"><subfield code="a">6201(061.3):620.375.826(061.3)</subfield></datafield><datafield ind1=" " ind2=" " tag="245"><subfield code="a">Damage in laser materials: 1971 proceedings</subfield></datafield><datafield ind1=" " ind2=" " tag="260"><subfield code="a">Washington, National Bureau Of Standards, 1971 164p</subfield></datafield><datafield ind1=" " ind2=" " tag="490"><subfield code="a">Nbs Special Publ.,</subfield></datafield><datafield ind1=" " ind2=" " tag="700"><subfield code="a">Glass, Alexander J.And Guenther, Arthur H</subfield></datafield><datafield ind1=" " ind2=" " tag="852"><subfield code="a">39941</subfield></datafield></record></collection>